<record><leader>00000cas a22000007a 4500</leader><controlfield tag="001">10688174</controlfield><controlfield tag="008">840503d18901998inuwn ne      0   a0eng d</controlfield><datafield ind1=" " ind2=" " tag="010"><subfield code="a">sn 84005221 </subfield></datafield><datafield ind1=" " ind2=" " tag="040"><subfield code="a">NSD</subfield><subfield code="b">eng</subfield><subfield code="c">NSD</subfield><subfield code="d">NPI</subfield><subfield code="d">NSD</subfield><subfield code="d">NPI</subfield><subfield code="d">OCLCQ</subfield><subfield code="d">NSD</subfield><subfield code="d">OCLCQ</subfield><subfield code="d">OCLCF</subfield><subfield code="d">OCLCO</subfield></datafield><datafield ind1=" " ind2=" " tag="012"><subfield code="j">0</subfield><subfield code="m">d</subfield></datafield><datafield ind1="1" ind2=" " tag="022"><subfield code="a">0747-2846</subfield><subfield code="l">0747-2846</subfield><subfield code="2">1</subfield></datafield><datafield ind1="1" ind2=" " tag="029"><subfield code="a">AU@</subfield><subfield code="b">000028662819</subfield></datafield><datafield ind1=" " ind2=" " tag="042"><subfield code="a">nsdp</subfield></datafield><datafield ind1=" " ind2=" " tag="043"><subfield code="a">n-us-in</subfield></datafield><datafield ind1=" " ind2="4" tag="222"><subfield code="a">The Monon news</subfield></datafield><datafield ind1="0" ind2="4" tag="245"><subfield code="a">The Monon news.</subfield></datafield><datafield ind1=" " ind2=" " tag="260"><subfield code="a">Monon, Ind. :</subfield><subfield code="b">Geo. T. Weeks,</subfield><subfield code="c">-1998.</subfield></datafield><datafield ind1=" " ind2=" " tag="300"><subfield code="a">v. :</subfield><subfield code="b">ill.</subfield></datafield><datafield ind1=" " ind2=" " tag="310"><subfield code="a">Weekly</subfield></datafield><datafield ind1="1" ind2=" " tag="362"><subfield code="a">Began in 1890?</subfield></datafield><datafield ind1="0" ind2=" " tag="362"><subfield code="a">-v. 107, no. 50 (June 24, 1998).</subfield></datafield><datafield ind1=" " ind2=" " tag="588"><subfield code="a">Description based on: Vol. 14, no. 26 (Apr. 11, 1902).</subfield></datafield><datafield ind1=" " ind2="0" tag="651"><subfield code="a">Monon (Ind.)</subfield><subfield code="v">Newspapers.</subfield></datafield><datafield ind1=" " ind2="7" tag="655"><subfield code="a">Newspapers.</subfield><subfield code="2">fast</subfield><subfield code="0">(OCoLC)fst01423814</subfield></datafield><datafield ind1=" " ind2="7" tag="651"><subfield code="a">Indiana</subfield><subfield code="z">Monon.</subfield><subfield code="2">fast</subfield><subfield code="0">(OCoLC)fst01285886</subfield></datafield><datafield ind1=" " ind2=" " tag="752"><subfield code="a">United States</subfield><subfield code="b">Indiana</subfield><subfield code="c">White</subfield><subfield code="d">Monon.</subfield></datafield><datafield ind1="0" ind2="0" tag="780"><subfield code="t">Monon times</subfield><subfield code="w">(DLC)sn 87055510</subfield></datafield><datafield ind1="0" ind2="7" tag="785"><subfield code="t">News &amp; review (Monon, Ind.)</subfield><subfield code="x">1520-5274</subfield><subfield code="w">(DLC)sn 98002204</subfield></datafield><datafield ind1="0" ind2="7" tag="785"><subfield code="t">Prairie review</subfield><subfield code="w">(DLC)sn 87055311</subfield></datafield></record>